
   <marc:record>
      <marc:leader>     ccm a22        4500</marc:leader>
      <marc:controlfield tag="001">489778488</marc:controlfield>
      <marc:controlfield tag="003">DE-576</marc:controlfield>
      <marc:controlfield tag="005">20170722130021.0</marc:controlfield>
      <marc:controlfield tag="007">qu</marc:controlfield>
      <marc:controlfield tag="008">170615s1870    xx ||||| |||| ||| | ger c</marc:controlfield>
      <marc:datafield tag="028" ind1="2" ind2="2">
         <marc:subfield code="a">5374</marc:subfield>
      </marc:datafield>
      <marc:datafield tag="035" ind1=" " ind2=" ">
         <marc:subfield code="a">(DE-627)1559778482</marc:subfield>
      </marc:datafield>
      <marc:datafield tag="035" ind1=" " ind2=" ">
         <marc:subfield code="a">(DE-576)489778488</marc:subfield>
      </marc:datafield>
      <marc:datafield tag="035" ind1=" " ind2=" ">
         <marc:subfield code="a">(DE-599)BSZ489778488</marc:subfield>
      </marc:datafield>
      <marc:datafield tag="035" ind1=" " ind2=" ">
         <marc:subfield code="a">(OCoLC)993017599</marc:subfield>
      </marc:datafield>
      <marc:datafield tag="040" ind1=" " ind2=" ">
         <marc:subfield code="a">DE-576</marc:subfield>
         <marc:subfield code="b">ger</marc:subfield>
         <marc:subfield code="c">DE-576</marc:subfield>
         <marc:subfield code="e">rda</marc:subfield>
      </marc:datafield>
      <marc:datafield tag="041" ind1=" " ind2=" ">
         <marc:subfield code="a">ger</marc:subfield>
      </marc:datafield>
      <marc:datafield tag="084" ind1=" " ind2=" ">
         <marc:subfield code="a">LT 53440</marc:subfield>
         <marc:subfield code="2">rvk</marc:subfield>
         <marc:subfield code="0">(DE-625)rvk/111270:13528</marc:subfield>
      </marc:datafield>
      <marc:datafield tag="084" ind1=" " ind2=" ">
         <marc:subfield code="a">LU 40428</marc:subfield>
         <marc:subfield code="2">rvk</marc:subfield>
         <marc:subfield code="0">(DE-625)rvk/112497:</marc:subfield>
      </marc:datafield>
      <marc:datafield tag="245" ind1="1" ind2="0">
         <marc:subfield code="a">Terzett Album</marc:subfield>
         <marc:subfield code="b">Sammlung berühmter Terzette mit Pianofortebegleitung</marc:subfield>
      </marc:datafield>
      <marc:datafield tag="264" ind1=" " ind2="1">
         <marc:subfield code="a">Leipzig</marc:subfield>
         <marc:subfield code="a">Berlin</marc:subfield>
         <marc:subfield code="b">C.F. Peters</marc:subfield>
         <marc:subfield code="c">[1870?]</marc:subfield>
      </marc:datafield>
      <marc:datafield tag="300" ind1=" " ind2=" ">
         <marc:subfield code="a">1 Partitur (122 Seiten)</marc:subfield>
      </marc:datafield>
      <marc:datafield tag="336" ind1=" " ind2=" ">
         <marc:subfield code="a">Noten</marc:subfield>
         <marc:subfield code="b">ntm</marc:subfield>
         <marc:subfield code="2">rdacontent</marc:subfield>
      </marc:datafield>
      <marc:datafield tag="337" ind1=" " ind2=" ">
         <marc:subfield code="a">ohne Hilfsmittel zu benutzen</marc:subfield>
         <marc:subfield code="b">n</marc:subfield>
         <marc:subfield code="2">rdamedia</marc:subfield>
      </marc:datafield>
      <marc:datafield tag="338" ind1=" " ind2=" ">
         <marc:subfield code="a">Band</marc:subfield>
         <marc:subfield code="b">nc</marc:subfield>
         <marc:subfield code="2">rdacarrier</marc:subfield>
      </marc:datafield>
      <marc:datafield tag="348" ind1=" " ind2=" ">
         <marc:subfield code="a">Partitur</marc:subfield>
         <marc:subfield code="0">(DE-588)4173447-6</marc:subfield>
         <marc:subfield code="0">(DE-627)105379875</marc:subfield>
         <marc:subfield code="0">(DE-576)209950323</marc:subfield>
         <marc:subfield code="2">gnd-music</marc:subfield>
      </marc:datafield>
      <marc:datafield tag="505" ind1="8" ind2="0">
         <marc:subfield code="t">Enth.: Schöpfung : Zu dir, o Herr, blickt alles auf</marc:subfield>
         <marc:subfield code="r">Haydn</marc:subfield>
      </marc:datafield>
      <marc:datafield tag="505" ind1="8" ind2="0">
         <marc:subfield code="t">Don Juan : O Herz! hör' auf zu schlagen!</marc:subfield>
         <marc:subfield code="r">Mozart</marc:subfield>
      </marc:datafield>
      <marc:datafield tag="505" ind1="8" ind2="0">
         <marc:subfield code="t">Don Juan : Mag, was da will, geschehen</marc:subfield>
         <marc:subfield code="r">Mozart</marc:subfield>
      </marc:datafield>
      <marc:datafield tag="505" ind1="8" ind2="0">
         <marc:subfield code="t">Figaro : Wie? was hör' ich?</marc:subfield>
         <marc:subfield code="r">Mozart</marc:subfield>
      </marc:datafield>
      <marc:datafield tag="505" ind1="8" ind2="0">
         <marc:subfield code="t">Figaro : Nun, nun! wird's bald geschehen</marc:subfield>
         <marc:subfield code="r">Mozart</marc:subfield>
      </marc:datafield>
      <marc:datafield tag="505" ind1="8" ind2="0">
         <marc:subfield code="t">Titus : Ist dies des Titus Antlitz?</marc:subfield>
         <marc:subfield code="r">Mozart</marc:subfield>
      </marc:datafield>
      <marc:datafield tag="505" ind1="8" ind2="0">
         <marc:subfield code="t">Cosi fan tutte : Wie? Julchen mich täuschen</marc:subfield>
         <marc:subfield code="r">Mozart</marc:subfield>
      </marc:datafield>
      <marc:datafield tag="505" ind1="8" ind2="0">
         <marc:subfield code="t">Cosi fan tutte : Weibertreu' ist cosa rara</marc:subfield>
         <marc:subfield code="r">Mozart</marc:subfield>
      </marc:datafield>
      <marc:datafield tag="505" ind1="8" ind2="0">
         <marc:subfield code="t">Cosi fan tutte : Weht sanfter, o Winde</marc:subfield>
         <marc:subfield code="r">Mozart</marc:subfield>
      </marc:datafield>
      <marc:datafield tag="505" ind1="8" ind2="0">
         <marc:subfield code="t">Zauberflöte :  SEid uns zum zweitenmal willkommen</marc:subfield>
         <marc:subfield code="r">Mozart</marc:subfield>
      </marc:datafield>
      <marc:datafield tag="505" ind1="8" ind2="0">
         <marc:subfield code="t">Zauberflöte : Soll ich dich, Theurer, nicht merh seh'n?</marc:subfield>
         <marc:subfield code="r">Mozart</marc:subfield>
      </marc:datafield>
      <marc:datafield tag="505" ind1="8" ind2="0">
         <marc:subfield code="t">Das Bändchen : Liebes Mandel, wo ist's Bandel?</marc:subfield>
         <marc:subfield code="r">Mozart</marc:subfield>
      </marc:datafield>
      <marc:datafield tag="505" ind1="8" ind2="0">
         <marc:subfield code="t">Fidelio : Gut Söhnchen, gut</marc:subfield>
         <marc:subfield code="r">Beethoven</marc:subfield>
      </marc:datafield>
      <marc:datafield tag="505" ind1="8" ind2="0">
         <marc:subfield code="t">Fidelio : Euch werde Lohn in bessern Welten</marc:subfield>
         <marc:subfield code="r">Beethoven</marc:subfield>
      </marc:datafield>
      <marc:datafield tag="505" ind1="8" ind2="0">
         <marc:subfield code="t">Tremate empi</marc:subfield>
         <marc:subfield code="r">Beethoven</marc:subfield>
      </marc:datafield>
      <marc:datafield tag="505" ind1="8" ind2="0">
         <marc:subfield code="t">Joseph in Egypten : Joseph, mein Sohn</marc:subfield>
         <marc:subfield code="r">Mehul</marc:subfield>
      </marc:datafield>
      <marc:datafield tag="505" ind1="8" ind2="0">
         <marc:subfield code="t">Das große Halleluja : Ehre sei dem Hocherhabnen</marc:subfield>
         <marc:subfield code="r">Schubert</marc:subfield>
      </marc:datafield>
      <marc:datafield tag="505" ind1="8" ind2="0">
         <marc:subfield code="t">Freischütz : Wie? was? Entsetzen!</marc:subfield>
         <marc:subfield code="r">Weber</marc:subfield>
      </marc:datafield>
      <marc:datafield tag="505" ind1="8" ind2="0">
         <marc:subfield code="t">Schweizerfamilie : Ach, wie herrlich ist der Morgen</marc:subfield>
         <marc:subfield code="r">Weigl</marc:subfield>
      </marc:datafield>
      <marc:datafield tag="505" ind1="8" ind2="0">
         <marc:subfield code="t">Heimlich Ehe : Ich werf' mich zu Füssen</marc:subfield>
         <marc:subfield code="r">Cimarosa</marc:subfield>
      </marc:datafield>
      <marc:datafield tag="700" ind1="1" ind2=" ">
         <marc:subfield code="a">Haydn, Joseph</marc:subfield>
         <marc:subfield code="d">1732-1809</marc:subfield>
         <marc:subfield code="e">KomponistIn</marc:subfield>
         <marc:subfield code="0">(DE-588)118547356</marc:subfield>
         <marc:subfield code="0">(DE-627)134580214</marc:subfield>
         <marc:subfield code="0">(DE-576)161338488</marc:subfield>
         <marc:subfield code="4">cmp</marc:subfield>
      </marc:datafield>
      <marc:datafield tag="700" ind1="1" ind2=" ">
         <marc:subfield code="a">Mozart, Wolfgang Amadeus</marc:subfield>
         <marc:subfield code="d">1756-1791</marc:subfield>
         <marc:subfield code="e">KomponistIn</marc:subfield>
         <marc:subfield code="0">(DE-588)118584596</marc:subfield>
         <marc:subfield code="0">(DE-627)133447332</marc:subfield>
         <marc:subfield code="0">(DE-576)16230370X</marc:subfield>
         <marc:subfield code="4">cmp</marc:subfield>
      </marc:datafield>
      <marc:datafield tag="700" ind1="1" ind2=" ">
         <marc:subfield code="a">Beethoven, Ludwig van</marc:subfield>
         <marc:subfield code="d">1770-1827</marc:subfield>
         <marc:subfield code="e">KomponistIn</marc:subfield>
         <marc:subfield code="0">(DE-588)118508288</marc:subfield>
         <marc:subfield code="0">(DE-627)133447375</marc:subfield>
         <marc:subfield code="0">(DE-576)160223660</marc:subfield>
         <marc:subfield code="4">cmp</marc:subfield>
      </marc:datafield>
      <marc:datafield tag="700" ind1="1" ind2=" ">
         <marc:subfield code="a">Méhul, Étienne Nicolas</marc:subfield>
         <marc:subfield code="d">1763-1817</marc:subfield>
         <marc:subfield code="e">KomponistIn</marc:subfield>
         <marc:subfield code="0">(DE-588)118782843</marc:subfield>
         <marc:subfield code="0">(DE-627)13458354X</marc:subfield>
         <marc:subfield code="0">(DE-576)166425206</marc:subfield>
         <marc:subfield code="4">cmp</marc:subfield>
      </marc:datafield>
      <marc:datafield tag="700" ind1="1" ind2=" ">
         <marc:subfield code="a">Schubert, Franz</marc:subfield>
         <marc:subfield code="d">1797-1828</marc:subfield>
         <marc:subfield code="e">KomponistIn</marc:subfield>
         <marc:subfield code="0">(DE-588)118610961</marc:subfield>
         <marc:subfield code="0">(DE-627)134585011</marc:subfield>
         <marc:subfield code="0">(DE-576)162979746</marc:subfield>
         <marc:subfield code="4">cmp</marc:subfield>
      </marc:datafield>
      <marc:datafield tag="700" ind1="1" ind2=" ">
         <marc:subfield code="a">Weber, Carl Maria von</marc:subfield>
         <marc:subfield code="d">1786-1826</marc:subfield>
         <marc:subfield code="e">KomponistIn</marc:subfield>
         <marc:subfield code="0">(DE-588)118629662</marc:subfield>
         <marc:subfield code="0">(DE-627)133447367</marc:subfield>
         <marc:subfield code="0">(DE-576)209155655</marc:subfield>
         <marc:subfield code="4">cmp</marc:subfield>
      </marc:datafield>
      <marc:datafield tag="700" ind1="1" ind2=" ">
         <marc:subfield code="a">Weigl, Joseph</marc:subfield>
         <marc:subfield code="d">1766-1846</marc:subfield>
         <marc:subfield code="e">KomponistIn</marc:subfield>
         <marc:subfield code="0">(DE-588)100470106</marc:subfield>
         <marc:subfield code="0">(DE-627)133457079</marc:subfield>
         <marc:subfield code="0">(DE-576)171110390</marc:subfield>
         <marc:subfield code="4">cmp</marc:subfield>
      </marc:datafield>
      <marc:datafield tag="700" ind1="1" ind2=" ">
         <marc:subfield code="a">Cimarosa, Domenico</marc:subfield>
         <marc:subfield code="d">1749-1801</marc:subfield>
         <marc:subfield code="e">KomponistIn</marc:subfield>
         <marc:subfield code="0">(DE-588)118887254</marc:subfield>
         <marc:subfield code="0">(DE-627)134580176</marc:subfield>
         <marc:subfield code="0">(DE-576)164778101</marc:subfield>
         <marc:subfield code="4">cmp</marc:subfield>
      </marc:datafield>
      <marc:datafield tag="935" ind1=" " ind2=" ">
         <marc:subfield code="c">muno</marc:subfield>
      </marc:datafield>
      <marc:datafield tag="936" ind1="r" ind2="v">
         <marc:subfield code="a">LT 53440</marc:subfield>
         <marc:subfield code="b">allgemein</marc:subfield>
         <marc:subfield code="k">Musikwissenschaft</marc:subfield>
         <marc:subfield code="k">II. Musica practica</marc:subfield>
         <marc:subfield code="k">Sachteil: Musica practica (einschl. Realien mit geographischem Bezug)</marc:subfield>
         <marc:subfield code="k">Musikalische Gattungen, Formen, Termini</marc:subfield>
         <marc:subfield code="k">Einzelne Gattungen und Formen:</marc:subfield>
         <marc:subfield code="k">Gattungen und Formen D</marc:subfield>
         <marc:subfield code="k">(Gesangs-)Duett, -Terzett, -Quartett</marc:subfield>
         <marc:subfield code="k">allgemein</marc:subfield>
         <marc:subfield code="0">(DE-627)1441249567</marc:subfield>
         <marc:subfield code="0">(DE-625)rvk/111270:13528</marc:subfield>
         <marc:subfield code="0">(DE-576)371249562</marc:subfield>
      </marc:datafield>
      <marc:datafield tag="936" ind1="r" ind2="v">
         <marc:subfield code="a">LU 40428</marc:subfield>
         <marc:subfield code="b">Opern, Singspiele, Schauspielmusiken, Musik zu Pantomimen und Ballett</marc:subfield>
         <marc:subfield code="k">Musikwissenschaft</marc:subfield>
         <marc:subfield code="k">II. Musica practica</marc:subfield>
         <marc:subfield code="k">Chronologischer Teil: Musica practica (Epochenfolge: Komponistenalphabete)</marc:subfield>
         <marc:subfield code="k">Barock / Klassik</marc:subfield>
         <marc:subfield code="k">Einzelne Persönlichkeiten:</marc:subfield>
         <marc:subfield code="k">Persönlichkeiten M</marc:subfield>
         <marc:subfield code="k">Mozart, Wolfgang Amadeus</marc:subfield>
         <marc:subfield code="k">Darstellungen zum Werk</marc:subfield>
         <marc:subfield code="k">Opern, Singspiele, Schauspielmusiken, Musik zu Pantomimen und Ballett</marc:subfield>
         <marc:subfield code="0">(DE-627)1272137473</marc:subfield>
         <marc:subfield code="0">(DE-625)rvk/112497:</marc:subfield>
         <marc:subfield code="0">(DE-576)202137473</marc:subfield>
      </marc:datafield>
      <marc:datafield tag="951" ind1=" " ind2=" ">
         <marc:subfield code="a">BO</marc:subfield>
      </marc:datafield>
   </marc:record>